
% This is a file in the format of BibLaTeX (http://www.ctan.org/pkg/biblatex), using features unsupported by standard BibTeX, and generated with the BibLaTeX-with-hacks translator of Zotero 4.0.21.2

@book{mullerII2008,
	location = {Weinheim},
	title = {Berechnung elektrischer Maschinen},
	publisher = {Wiley-{VCH-Verl.}},
	author = {Müller, Germar and Vogt, Karl and Ponick, Bernd},
	date = {2008}
}

@book{schroder2000,
	location = {Berlin [u.a.]},
	title = {Elektrische Antriebe: Grundlagen},
	publisher = {Springer},
	author = {Schröder, Dierk},
	date = {2000}
}

@book{riefenstahl2010,
	edition = {3},
	title = {Elektrische Antriebssysteme: Grundlagen, Komponenten, Regelverfahren, Bewegungssteuerung.},
	publisher = {{Vieweg+Teubner} Verlag},
	author = {Riefenstahl, Ulrich},
	date = {2010}
}

@book{bolte2012,
	location = {Berlin, Heidelberg},
	title = {Elektrische Maschinen},
	url = {http://link.springer.com/10.1007/978-3-642-05485-3},
	publisher = {Springer Berlin Heidelberg},
	author = {Bolte, Ekkehard},
	urldate = {2014-07-14},
	date = {2012},
	langid = {german},
	file = {3642054846_eMaschinen.pdf:C:\Users\benji\AppData\Roaming\Zotero\Zotero\Profiles\jeon1qbw.default\zotero\storage\BEIZ8GZ5\3642054846_eMaschinen.pdf:application/pdf}
}

@book{fischer2009,
	location = {München},
	edition = {14},
	title = {Elektrische Maschinen},
	publisher = {Hanser},
	author = {Fischer, Rolf},
	date = {2009}
}

@book{mullerI2005,
	location = {Weinheim},
	title = {Elektrische Maschinen},
	publisher = {Wiley-{VCH}},
	author = {Müller, Germar},
	date = {2005},
	file = {3527405240_GelektrischerM.pdf:C:\Users\benji\AppData\Roaming\Zotero\Zotero\Profiles\jeon1qbw.default\zotero\storage\U6DV77NK\3527405240_GelektrischerM.pdf:application/pdf}
}

@book{gerke2012,
	title = {Elektrische Maschinen und Aktoren: Eine anwendungsorientierte Einführung},
	shorttitle = {Elektrische Maschinen und Aktoren},
	author = {Gerke, Wolfgang},
	urldate = {2014-07-13},
	date = {2012},
	file = {3486712659_Aktoren.pdf:C:\Users\benji\AppData\Roaming\Zotero\Zotero\Profiles\jeon1qbw.default\zotero\storage\MT4XXK4C\3486712659_Aktoren.pdf:application/pdf}
}

@book{kremser2004,
	location = {Stuttgart [u.a.]},
	title = {Elektrische Maschinen und Antriebe: Grundlagen, Motoren und Anwendungen ; mit 10 Tabellen},
	shorttitle = {Elektrische Maschinen und Antriebe},
	publisher = {Teubner},
	author = {Kremser, Andreas},
	date = {2004}
}

@book{fuest2004,
	location = {Wiesbaden},
	title = {Elektrische Maschinen und Antriebe: Lehr- und Arbeitsbuch ; mit zahlreichen durchgerechneten Beispielen und Übungen sowie Fragen und Aufgaben zur Vertiefung des Lehrstoffes},
	shorttitle = {Elektrische Maschinen und Antriebe},
	publisher = {Vieweg},
	author = {Fuest, Klaus and Döring, Peter},
	date = {2004},
	file = {3528540761_ElekMaschAntr.pdf:C:\Users\benji\AppData\Roaming\Zotero\Zotero\Profiles\jeon1qbw.default\zotero\storage\XP7K22KJ\3528540761_ElekMaschAntr.pdf:application/pdf}
}

@book{binder2012,
	location = {Berlin},
	title = {Elektrische Maschinen und Antriebe: Übungsbuch - Aufgaben mit Lösungsweg},
	shorttitle = {Elektrische Maschinen und Antriebe},
	publisher = {Springer},
	author = {Binder, Andreas},
	date = {2012}
}

@book{hofmann2013,
	location = {München [u.a.]},
	title = {Elektrische Maschinen: [Lehr- und Übungsbuch]},
	shorttitle = {Elektrische Maschinen},
	publisher = {Pearson},
	author = {Hofmann, Wilfried},
	date = {2013}
}

@book{henke2011,
	location = {Berlin},
	edition = {4},
	title = {Elektromagnetische Felder: Theorie und Anwendung},
	shorttitle = {Elektromagnetische Felder},
	publisher = {Springer},
	author = {Henke, Heino},
	date = {2011}
}

@book{nuss2010,
	location = {Berlin; Offenbach},
	title = {Hochdynamische Regelung elektrischer Antriebe},
	publisher = {{VDE-Verl.}},
	author = {Nuss, Uwe},
	date = {2010}
}

@book{felderhoff2006,
	location = {München},
	edition = {4},
	title = {Leistungselektronik},
	shorttitle = {Leistungselektronik},
	publisher = {Hanser},
	author = {Felderhoff, Rainer, Busch, Udo},
	date = {2006}
}

@book{kofler2002,
	location = {München [u.a.]},
	title = {Mathematica: Einführung, Anwendung, Referenz},
	shorttitle = {Mathematica},
	publisher = {Addison-Wesley},
	author = {Kofler, Michael and Gräbe, Hans-Gert},
	date = {2002}
}

@book{scherf2010,
	location = {München},
	title = {Modellbildung und Simulation dynamischer Systeme eine Sammlung von Simulink-Beispielen},
	publisher = {Oldenbourg},
	author = {Scherf, Helmut},
	date = {2010}
}

@book{schroder2001,
	location = {Berlin [u.a.]},
	title = {Regelung von Antriebssystemen},
	isbn = {3540419942 9783540419945},
	publisher = {Springer},
	author = {Schröder, Dierk},
	date = {2001}
}

@book{unbehauenI2008,
	location = {Wiesbaden},
	edition = {15},
	title = {Regelungstechnik I: Klassische Verfahren zur Analyse und Synthese linearer kontinuierlicher Regelsysteme, Fuzzy-Regelsysteme},
	publisher = {{Vieweg+Teubner} Verlag},
	author = {Unbehauen, Heinz},
	date = {2008},
	file = {Regelungstechnik 1.-.15.Auflage.-.Heinz Unbehauen.pdf:C:\Users\benji\AppData\Roaming\Zotero\Zotero\Profiles\jeon1qbw.default\zotero\storage\935M3G6G\Regelungstechnik 1.-.15.Auflage.-.Heinz Unbehauen.pdf:application/pdf}
}

@book{unbehauenII2009,
	location = {Wiesbaden},
	edition = {Auflage: 9., durchges. u. korr. Aufl. 2007. 2., korr. Nachdruck 2009},
	title = {Regelungstechnik {II:} Zustandsregelungen, digitale und nichtlineare Regelsysteme},
	shorttitle = {Regelungstechnik {II}},
	abstract = {In diesem zweiten Band der Regelungstechnik werden solche Analyse- und Syntheseverfahren behandelt, die bei der Realisierung moderner Regelkonzepte benötigt werden, insbesondere die Grundlagen zur Behandlung von Regelsystemen im Zustandsraum sowie Grundkenntnisse der digitalen Regelung.},
	pagetotal = {447},
	publisher = {{Vieweg+Teubner} Verlag},
	author = {Unbehauen, Heinz},
	date = {2009},
	file = {Unbehauen-2009-Reglungstechnik-II.pdf:C:\Users\benji\AppData\Roaming\Zotero\Zotero\Profiles\jeon1qbw.default\zotero\storage\Z8WN7V4E\Unbehauen-2009-Reglungstechnik-II.pdf:application/pdf}
}

@book{unbehauenIII2011,
	location = {Wiesbaden},
	edition = {Auflage: 7., korr. Aufl. 2011},
	title = {Regelungstechnik {III:} Identifikation, Adaption, Optimierung},
	isbn = {9783834814197},
	shorttitle = {Regelungstechnik {III}},
	abstract = {Der dritte Band enthält Verfahren und Methoden, mit denen die dynamischen Systeme der Regelungstechnik sicher beherrscht werden können.},
	pagetotal = {616},
	publisher = {{Vieweg+Teubner} Verlag},
	author = {Unbehauen, Heinz},
	date = {2011},
	file = {Unbehauen-2011-Reglungstechnik-III.pdf:C:\Users\benji\AppData\Roaming\Zotero\Zotero\Profiles\jeon1qbw.default\zotero\storage\GFBT4Q8W\Unbehauen-2011-Reglungstechnik-III.pdf:application/pdf}
}

@phdthesis{Perassi2006,
	author 	=	{Hector Perassi},
	title 	=	{Feldorientierte Regelung der permanenterregten Synchronmaschine ohne Lagegeber für den gesamten Drehzahlbereich bis zum Stillstand},
	school	=	{TU Ilmenau},
	year	=	{2006},
	type	=	{Dissertation}
}

@phdthesis{Kellner2012,
	author 	=	{Sven Kellner},
	title 	=	{Parameteridentifikation bei permanenterregten Synchronmaschinen},
	school	=	{TU Erlangen-Nürnberg},
	year	=	{2012},
	type	=	{Dissertation}
}

@phdthesis{Bruhn2009,
	author 	=	{Henning {Wökl-Bruhn}},
	title 	=	{Synchronmaschine mit eingebetteten Magneten und neuartiger variabler Erregung für Hybridantriebe},
	school	=	{TU Carolo-Wilhelmina zu Braunschweig},
	year	=	{2009},
	type	=	{Dissertation}
}

@phdthesis{Grune2012,
	author 	=	{Rayk Grune},
	title 	=	{Verlustoptimaler Betrieb einer elektrisch erregten Synchronmaschine für den Einsatz in Elektrofahrzeugen},
	school	=	{TU Berlin},
	year	=	{2012},
	type	=	{Dissertation}
}